@article{cpluspluscom-tutorial,
	author = {\textcopyright{~}cplusplus.com},
	title = {{C++ Language Tutorial}},
	year = {2000--2016},
	url = {http://www.cplusplus.com/doc/tutorial/},
}

@article{wikibooks-cppprogramming,
	author = {Wikibooks},
	title = {{C++ Programming}},
	year = {2012},
	url = {https://en.wikibooks.org/wiki/C++_Programming},
}

@article{way-to-use-iostream,
	author = {Atarashi, Yasutaka},
	yitle = {{A way to use C++ iostream for large input (gcc only)}},
	year = {2010},
	url = {http://codeforces.com/blog/entry/925},
}

@book{kernighan1988,
	author = {Kernighan, Brian W.},
	editor = {Ritchie, Dennis M.},
	title = {{The C Programming Language}},
	year = {1988},
	isbn = {0131103709},
	edition = {2nd},
	publisher = {Prentice Hall Professional Technical Reference},
}

@book{stroustrup2000,
	author = {Stroustrup, Bjarne},
	title = {{The C++ Programming Language}},
	year = {2000},
	isbn = {0201700735},
	edition = {3rd},
	publisher = {Addison-Wesley Longman Publishing Co., Inc.},
	address = {Boston, MA, USA},
} 

@book{prata2004,
 author = {Prata, Stephen},
 title = {{C++ Primer Plus (Fifth Edition)}},
 year = {2004},
 edition = {5th},
}

@book{nyhoff2012,
	author = {Nyhoff, Larry},
	title = {{Programming in C++ for Engineering and Science}},
	year = {2012},
	isbn = {1439825343, 9781439825341},
	edition = {1st},
	publisher = {CRC Press, Inc.},
	address = {Boca Raton, FL, USA},
}

@article{cppreference,
	author = {cppreference.com},
	title = {{C++ reference}},
	year = {2014--2016},
	url = {http://en.cppreference.com/w/},
}

@article{cpluspluscom-reference,
	author = {\textcopyright{~}cplusplus.com},
	title = {{Standard C++ Library reference}},
	year = {2000--2016},
	url = {http://www.cplusplus.com/reference/},
}


@book{graham1994,
	author = {Graham, Ronald L. and Knuth, Donald E. and Patashnik, Oren},
	title = {{Concrete Mathematics: A Foundation for Computer Science}},
	year = {1994},
	isbn = {0201558025},
	edition = {2nd},
	publisher = {Addison-Wesley Longman Publishing Co., Inc.},
	address = {Boston, MA, USA},
}


@book{filipczak2012,
	author = {Filipczak, Tomasz},
	title = {{Grafy i ich zastosowania}},
	year = {2012},
}

@book{cormen2001,
	author = {Cormen, Thomas H. and Stein, Clifford and Rivest, Ronald L. and Leiserson, Charles E.},
	title = {Introduction to Algorithms},
	year = {2001},
	isbn = {0070131511},
	edition = {2nd},
	publisher = {McGraw-Hill Higher Education},
}

@book{knuth1998,
 author = {Knuth, Donald E.},
 title = {The  Art of Computer Programming Volumes 1-3 Boxed Set},
 year = {1998},
 isbn = {0201485419},
 edition = {2nd},
 publisher = {Addison-Wesley Longman Publishing Co., Inc.},
 address = {Boston, MA, USA},
}

@book{sedgewick1998,
	author = {Sedgewick, Robert and Wyk, Christopher J. Van},
	title = {Algorithms in C++: Fundamentals, Data Structures, Sorting, Searching},
	year = {1998},
	isbn = {0201350882},
	edition = {3rd},
	publisher = {Addison-Wesley Longman Publishing Co., Inc.},
	address = {Boston, MA, USA},
}

@book{stanczyk2009,
	author = {Stańczyk, Piotr},
	title = {{Algorytmika praktyczna}},
	publisher = {Wydawnictwo Naukowe PWN},
	year = 2009,
	address = "Warszawa",
}

@book{oibook,
	author = {Sysło, Maciej M. and Diks, Krzysztof and Kanarek, Przemysława and Radoszewski, Jakub},
	title = {{\{I\ldots{}XXII\} Olimpiada Informatyczna }},
	publisher = {Komitet Główny Olimpiady Informatycznej},
	year = {1993--2016},
	address = "Warszawa",
}

@book{stanczyk2009,
	author = {Stańczyk, Piotr},
	title = {{Algorytmika praktyczna}},
	publisher = {Wydawnictwo Naukowe PWN},
	year = 2009,
	address = "Warszawa",
}

@book{diks2012,
	title={W poszukiwaniu wyzwa{\'n}: wyb{\'o}r zada{\'n} z konkurs{\'o}w programistycznych Uniwersytetu Warszawskiego},
	author={Diks, Krzysztof},
	isbn={9788392089711},
	year={2012},
	publisher={Wydzia{\l} Matematyki, Informatyki i~Mechaniki Uniwersytetu Warszawskiego}
}

@book{diks2015,
	title={W poszukiwaniu wyzwa{\'n} 2: zadania z Akademickich Mistrzostw Polski w Programowaniu Zespo{\l}owym 2011-2014},
	author={Diks, Krzysztof and Idziaszek, Tomasz and {\L}{\k{a}}cki, Jakub and Radoszewski, Jakub and Aceda{\'n}ski, Szymon},
	isbn={9788392089735},
	year={2015},
	publisher={Wydzia{\l} Matematyki, Informatyki i~Mechaniki Uniwersytetu Warszawskiego}
}

@book{xkcd,
	title={{xkcd -- A webcomic of romance, sarcasm, math, and language}},
	author={Munroe, Randall},
	year={2005--2016},
	url={http://xkcd.com/},
}

@book{userfriendly,
	title={{UserFriendly}},
	author={J.D.},
	year={1997--2016},
	url={http://www.userfriendly.org/},
}

@book{smbc,
	title={{Saturday Morning Breakfast Cereal}},
	author={Weinersmith, Zach},
	year={2002--2016},
	url={http://www.smbc-comics.com/},
}

@book{abstrusegoose,
	title={{Abstruse Goose}},
	author={Abstruse Goose Corporation},
	year={2008--2016},
	url={http://abstrusegoose.com/},
}

@book{abstrusegoose249,
	title={{How to Teach Yourself Programming}},
	author={Abstruse Goose Corporation},
	year={2010},
	url={http://abstrusegoose.com/249},
}

@book{green2000,
	title={{How To Write Unmaintainable Code}},
	author={Green, Roedy},
	year={2000},
	url={https://www.thc.org/root/phun/unmaintain.html},
}
